@inproceedings{eldan2016power,
  title={The power of depth for feedforward neural networks},
  author={Eldan, Ronen and Shamir, Ohad},
  booktitle={Conference on learning theory},
  pages={907--940},
  year={2016}
}

@article{williams2006preliminary,
  title={A preliminary performance comparison of five machine learning algorithms for practical IP traffic flow classification},
  author={Williams, Nigel and Zander, Sebastian and Armitage, Grenville},
  journal={ACM SIGCOMM Computer Communication Review},
  volume={36},
  number={5},
  pages={5--16},
  year={2006},
  publisher={ACM New York, NY, USA}
}
